<?xml version="1.0" encoding="UTF-8"?>
<record>
  <leader>01547naa#a2200385#c#4500</leader>
  <controlfield tag="005">20210408121007.0</controlfield>
  <controlfield tag="007">tu</controlfield>
  <controlfield tag="008">950213|1993####xx############|||#|#####c</controlfield>
  <controlfield tag="003">DE-605</controlfield>
  <controlfield tag="001">990110477750206441</controlfield>
  <datafield tag="016" ind1="7" ind2=" ">
    <subfield code="a">1072042813</subfield>
    <subfield code="2">OCoLC</subfield>
  </datafield>
  <datafield tag="035" ind1=" " ind2=" ">
    <subfield code="a">(DE-605)BT000000128</subfield>
  </datafield>
  <datafield tag="040" ind1=" " ind2=" ">
    <subfield code="c">DE-605</subfield>
    <subfield code="a">61/NWBib</subfield>
    <subfield code="b">ger</subfield>
    <subfield code="d">6/NWBib</subfield>
    <subfield code="e">rakwb</subfield>
  </datafield>
  <datafield tag="084" ind1=" " ind2=" ">
    <subfield code="a">Düsseldorf</subfield>
    <subfield code="0">https://nwbib.de/spatial#Q1718</subfield>
    <subfield code="2">nwbib</subfield>
  </datafield>
  <datafield tag="084" ind1=" " ind2=" ">
    <subfield code="a">Schulleben</subfield>
    <subfield code="0">https://nwbib.de/subjects#N784090</subfield>
    <subfield code="2">nwbib</subfield>
  </datafield>
  <datafield tag="245" ind1="0" ind2="0">
    <subfield code="a">"Wir nehmen alles kritisch unter die Lupe ..."</subfield>
    <subfield code="b">Medien-AG der Rheinischen Schule für Schwerhörige in Düsseldorf</subfield>
    <subfield code="c">von Petra Menke (Text) u. Birgit Martin (Fotos)</subfield>
  </datafield>
  <datafield tag="264" ind1=" " ind2="1">
    <subfield code="c">1993</subfield>
  </datafield>
  <datafield tag="689" ind1="0" ind2="0">
    <subfield code="a">Düsseldorf</subfield>
    <subfield code="x">Rheinische Schule für Schwerhörige</subfield>
    <subfield code="D">s</subfield>
  </datafield>
  <datafield tag="689" ind1="1" ind2="0">
    <subfield code="a">Düsseldorf</subfield>
    <subfield code="D">g</subfield>
    <subfield code="0">(DE-588)4013255-9</subfield>
  </datafield>
  <datafield tag="689" ind1="1" ind2="1">
    <subfield code="a">Schwerhörigenschule</subfield>
    <subfield code="D">s</subfield>
    <subfield code="0">(DE-588)4135737-1</subfield>
  </datafield>
  <datafield tag="689" ind1="2" ind2="0">
    <subfield code="a">Düsseldorf</subfield>
    <subfield code="D">g</subfield>
    <subfield code="0">(DE-588)4013255-9</subfield>
  </datafield>
  <datafield tag="689" ind1="2" ind2="1">
    <subfield code="a">Medienpädagogik</subfield>
    <subfield code="D">s</subfield>
    <subfield code="0">(DE-588)4074659-8</subfield>
  </datafield>
  <datafield tag="689" ind1="3" ind2="0">
    <subfield code="a">Schwerhörigenschule</subfield>
    <subfield code="D">s</subfield>
    <subfield code="0">(DE-588)4135737-1</subfield>
  </datafield>
  <datafield tag="689" ind1="3" ind2="1">
    <subfield code="a">Düsseldorf</subfield>
    <subfield code="D">g</subfield>
    <subfield code="0">(DE-588)4013255-9</subfield>
  </datafield>
  <datafield tag="689" ind1="4" ind2="0">
    <subfield code="a">Medienpädagogik</subfield>
    <subfield code="D">s</subfield>
    <subfield code="0">(DE-588)4074659-8</subfield>
  </datafield>
  <datafield tag="689" ind1="4" ind2="1">
    <subfield code="a">Düsseldorf</subfield>
    <subfield code="D">g</subfield>
    <subfield code="0">(DE-588)4013255-9</subfield>
  </datafield>
  <datafield tag="035" ind1=" " ind2=" ">
    <subfield code="a">(OCoLC)1072042813</subfield>
  </datafield>
  <datafield tag="960" ind1="1" ind2=" ">
    <subfield code="n">NWBib</subfield>
  </datafield>
  <datafield tag="964" ind1="0" ind2="s">
    <subfield code="F">030</subfield>
    <subfield code="A">a|1uc||||||37</subfield>
  </datafield>
  <datafield tag="964" ind1="0" ind2="s">
    <subfield code="F">050</subfield>
    <subfield code="A">a|||||||||||||</subfield>
  </datafield>
  <datafield tag="964" ind1="0" ind2="s">
    <subfield code="F">051</subfield>
    <subfield code="A">at||||||</subfield>
  </datafield>
  <datafield tag="700" ind1="1" ind2=" ">
    <subfield code="a">Menke, Petra</subfield>
    <subfield code="4">oth</subfield>
    <subfield code="e">Bearb.</subfield>
  </datafield>
  <datafield tag="700" ind1="1" ind2=" ">
    <subfield code="a">Martin, Birgit</subfield>
    <subfield code="4">ill</subfield>
  </datafield>
  <datafield tag="773" ind1="0" ind2="8">
    <subfield code="i">Enthalten in</subfield>
    <subfield code="d"> 1993</subfield>
    <subfield code="w">(DE-600)205463-2</subfield>
  </datafield>
  <datafield tag="500" ind1=" " ind2=" ">
    <subfield code="a">In: Neues Rheinland. - 36 (1993) 4, S. 42-43 : Ill.</subfield>
    <subfield code="9">F:525</subfield>
  </datafield>
  <datafield tag="035" ind1=" " ind2=" ">
    <subfield code="a">(DE-599)HBZBT000000128</subfield>
  </datafield>
  <datafield tag="MBD" ind1=" " ind2=" ">
    <subfield code="M">49HBZ_NETWORK</subfield>
    <subfield code="i">990110477750206441</subfield>
    <subfield code="n">HBZ Network</subfield>
  </datafield>
  <datafield tag="MBD" ind1=" " ind2=" ">
    <subfield code="M">49HBZ_BRIDGE_SAS</subfield>
    <subfield code="i">9911894907830</subfield>
    <subfield code="n">Stadtarchiv Solingen, Bibliothek</subfield>
  </datafield>
  <datafield tag="MNG" ind1=" " ind2=" ">
    <subfield code="c">System</subfield>
    <subfield code="f">OTHER</subfield>
    <subfield code="i">marc21</subfield>
    <subfield code="l">43</subfield>
    <subfield code="k">01</subfield>
    <subfield code="e">false</subfield>
    <subfield code="d">2024-10-09 04:13:27 Europe/Berlin</subfield>
    <subfield code="g">011047775-HBZ01</subfield>
    <subfield code="j">60</subfield>
    <subfield code="a">import</subfield>
    <subfield code="b">2021-04-05 16:24:10 Europe/Berlin</subfield>
  </datafield>
  <datafield tag="H52" ind1="0" ind2=" ">
    <subfield code="b">Z9035</subfield>
    <subfield code="c">kA</subfield>
    <subfield code="h">GA 644</subfield>
    <subfield code="8">227818740007830</subfield>
  </datafield>
  <datafield tag="HOL" ind1=" " ind2=" ">
    <subfield code="d">2023-06-04 18:45:08</subfield>
    <subfield code="8">227818740007830</subfield>
    <subfield code="b">2023-06-04 18:45:08</subfield>
    <subfield code="M">49HBZ_BRIDGE_SAS</subfield>
    <subfield code="g">false</subfield>
    <subfield code="a">System</subfield>
    <subfield code="c">System</subfield>
  </datafield>
  <datafield tag="ITM" ind1=" " ind2=" ">
    <subfield code="H">227818740007830</subfield>
    <subfield code="x">kA</subfield>
    <subfield code="f">BOOK</subfield>
    <subfield code="v">kA</subfield>
    <subfield code="p">04</subfield>
    <subfield code="X">System</subfield>
    <subfield code="Y">2008-11-10 01:00:00 Europe/Berlin</subfield>
    <subfield code="n">GA 644</subfield>
    <subfield code="M">49HBZ_BRIDGE_SAS</subfield>
    <subfield code="s">1</subfield>
    <subfield code="d">0</subfield>
    <subfield code="V">System</subfield>
    <subfield code="b">keinBarcode</subfield>
    <subfield code="a">237818720007830</subfield>
    <subfield code="c">GA 644</subfield>
    <subfield code="W">2023-06-04 20:45:08 Europe/Berlin</subfield>
    <subfield code="u">Z9035</subfield>
    <subfield code="w">Z9035</subfield>
  </datafield>
  <datafield tag="GSI" ind1="7" ind2=" ">
    <subfield code="a">4013255-9</subfield>
    <subfield code="0">http://d-nb.info/gnd/4013255-9</subfield>
    <subfield code="2">gnd</subfield>
    <subfield code="A">GND</subfield>
    <subfield code="B">GND-040132552</subfield>
    <subfield code="C">024</subfield>
  </datafield>
  <datafield tag="GSI" ind1="7" ind2=" ">
    <subfield code="a">2934246</subfield>
    <subfield code="2">geonames</subfield>
    <subfield code="A">GND</subfield>
    <subfield code="B">GND-040132552</subfield>
    <subfield code="C">024</subfield>
  </datafield>
  <datafield tag="GGN" ind1=" " ind2=" ">
    <subfield code="a">Dusseldorf</subfield>
    <subfield code="A">GND</subfield>
    <subfield code="B">GND-040132552</subfield>
    <subfield code="C">451</subfield>
  </datafield>
  <datafield tag="GGN" ind1=" " ind2=" ">
    <subfield code="a">Djussel'dorf</subfield>
    <subfield code="A">GND</subfield>
    <subfield code="B">GND-040132552</subfield>
    <subfield code="C">451</subfield>
  </datafield>
  <datafield tag="GGN" ind1=" " ind2=" ">
    <subfield code="a">Dyusserudorufu</subfield>
    <subfield code="A">GND</subfield>
    <subfield code="B">GND-040132552</subfield>
    <subfield code="C">451</subfield>
  </datafield>
  <datafield tag="GGN" ind1=" " ind2=" ">
    <subfield code="a">Duseerduofu</subfield>
    <subfield code="A">GND</subfield>
    <subfield code="B">GND-040132552</subfield>
    <subfield code="C">451</subfield>
  </datafield>
  <datafield tag="GGN" ind1=" " ind2=" ">
    <subfield code="a">Düsselopagum</subfield>
    <subfield code="A">GND</subfield>
    <subfield code="B">GND-040132552</subfield>
    <subfield code="C">451</subfield>
  </datafield>
  <datafield tag="GGN" ind1=" " ind2=" ">
    <subfield code="a">Stadtgemeinde Düsseldorf</subfield>
    <subfield code="A">GND</subfield>
    <subfield code="B">GND-040132552</subfield>
    <subfield code="C">451</subfield>
  </datafield>
  <datafield tag="GGN" ind1=" " ind2=" ">
    <subfield code="a">Landeshauptstadt Düsseldorf</subfield>
    <subfield code="A">GND</subfield>
    <subfield code="B">GND-040132552</subfield>
    <subfield code="C">451</subfield>
  </datafield>
  <datafield tag="GGN" ind1=" " ind2=" ">
    <subfield code="a">Stadt Düsseldorf</subfield>
    <subfield code="A">GND</subfield>
    <subfield code="B">GND-040132552</subfield>
    <subfield code="C">451</subfield>
  </datafield>
  <datafield tag="GST" ind1=" " ind2=" ">
    <subfield code="a">Massenmedien</subfield>
    <subfield code="x">Thema</subfield>
    <subfield code="x">Unterricht</subfield>
    <subfield code="A">GND</subfield>
    <subfield code="B">GND-040746593</subfield>
    <subfield code="C">450</subfield>
  </datafield>
  <datafield tag="GST" ind1=" " ind2=" ">
    <subfield code="a">Medienbildung</subfield>
    <subfield code="A">GND</subfield>
    <subfield code="B">GND-040746593</subfield>
    <subfield code="C">450</subfield>
  </datafield>
  <datafield tag="GST" ind1=" " ind2=" ">
    <subfield code="a">Medienerziehung</subfield>
    <subfield code="A">GND</subfield>
    <subfield code="B">GND-040746593</subfield>
    <subfield code="C">450</subfield>
  </datafield>
  <datafield tag="GST" ind1=" " ind2=" ">
    <subfield code="a">Medienkunde</subfield>
    <subfield code="x">Unterricht</subfield>
    <subfield code="A">GND</subfield>
    <subfield code="B">GND-040746593</subfield>
    <subfield code="C">450</subfield>
  </datafield>
  <datafield tag="GST" ind1=" " ind2=" ">
    <subfield code="a">Medienwissenschaft</subfield>
    <subfield code="x">Unterricht</subfield>
    <subfield code="A">GND</subfield>
    <subfield code="B">GND-040746593</subfield>
    <subfield code="C">450</subfield>
  </datafield>
  <datafield tag="GST" ind1=" " ind2=" ">
    <subfield code="a">Medientheorie</subfield>
    <subfield code="x">Unterricht</subfield>
    <subfield code="A">GND</subfield>
    <subfield code="B">GND-040746593</subfield>
    <subfield code="C">450</subfield>
  </datafield>
  <datafield tag="GSI" ind1="7" ind2=" ">
    <subfield code="a">4074659-8</subfield>
    <subfield code="0">http://d-nb.info/gnd/4074659-8</subfield>
    <subfield code="2">gnd</subfield>
    <subfield code="A">GND</subfield>
    <subfield code="B">GND-040746593</subfield>
    <subfield code="C">024</subfield>
  </datafield>
  <datafield tag="GST" ind1=" " ind2=" ">
    <subfield code="a">Schwerhöriger</subfield>
    <subfield code="x">Hörgeschädigtenschule</subfield>
    <subfield code="A">GND</subfield>
    <subfield code="B">GND-04135737X</subfield>
    <subfield code="C">450</subfield>
  </datafield>
  <datafield tag="GSI" ind1="7" ind2=" ">
    <subfield code="a">4135737-1</subfield>
    <subfield code="0">http://d-nb.info/gnd/4135737-1</subfield>
    <subfield code="2">gnd</subfield>
    <subfield code="A">GND</subfield>
    <subfield code="B">GND-04135737X</subfield>
    <subfield code="C">024</subfield>
  </datafield>
</record>
